@inproceedings{BNPS2019,
address = {Prague, Czech Republic},
author = {Bossek, Jakob and Neumann, Frank and Peng, Pan and Sudholt, Dirk},
booktitle = {Proceedings of the 21th Genetic and Evolutionary Computation Conference},
publisher = {ACM},
series = {GECCO '19},
title = {Runtime Analysis of Randomized Search Heuristics for Dynamic Graph Coloring},
year = {2019}
}
